@inproceedings{medernach2015wave,
 author = {Medernach, David and Fitzgerald, Jeannie and Muhammad Atif Azad, R. Muhammad Atif and Ryan, Conor},
 title = {Wave: A Genetic Programming Approach to Divide and Conquer},
 booktitle = {Proceedings of the Companion Publication of the 2015 Annual Conference on Genetic and Evolutionary Computation},
 series = {GECCO Companion '15},
 year = {2015},
 isbn = {978-1-4503-3488-4},
 location = {Madrid, Spain},
 pages = {1435--1436},
 numpages = {2},
 url = {http://doi.acm.org/10.1145/2739482.2764659},
 doi = {10.1145/2739482.2764659},
 acmid = {2764659},
 publisher = {ACM},
 address = {New York, NY, USA},
 keywords = {fitness landscapes, genetic algorithms, genetic programming, machine learning, performance measures, semantic gp},
} 

@inproceedings{medernach2015waveInc,
  title={Wave: Incremental Erosion of Residual Error},
  author={Medernach, David and Fitzgerald, Jeannie and Azad, R and Ryan, Conor},
  booktitle={Proceedings of the Companion Publication of the 2015 on Genetic and Evolutionary Computation Conference},
  pages={1285--1292},
  year={2015},
  organization={ACM}
}


@article{oliveira2014,
  title={Sequential Symbolic Regression with Genetic Programming},
  author={Oliveira, Luiz OVB and Otero, Fernando EB and Pappa, Gisele L and Albinati, Julio},
  year={2014},
  publisher={Springer}
}

@article{eldredgej,
  title={Punctuated equilibria: an alternative to phyletic gradualism},
  author={Gould, Niles Eldredge-Stephen Jay},
  year={1972}
}

@article{blackburn1995saltationist,
  title={Saltationist and punctuated equilibrium models for the evolution of viviparity and placentation},
  author={Blackburn, Daniel G},
  journal={Journal of Theoretical Biology},
  volume={174},
  number={2},
  pages={199--216},
  year={1995},
  publisher={Elsevier}
}

@article{milligan1986punctuated,
  title={Punctuated evolution induced by ecological change},
  author={Milligan, Brook G},
  journal={American Naturalist},
  pages={522--532},
  year={1986},
  publisher={JSTOR}
}

@book{mcclintock1993significance,
  title={The significance of responses of the genome to challenge},
  author={McClintock, Barbara},
  year={1993},
  publisher={Singapore: World Scientific Pub. Co}
}

@book{jablonka2014evolution,
  title={Evolution in Four Dimensions, revised edition: Genetic, Epigenetic, Behavioral, and Symbolic Variation in the History of Life},
  author={Jablonka, Eva and Lamb, Marion J and Zeligowski, Anna},
  year={2014},
  publisher={MIT press}
}

@article{pagie1997evolutionary,
  title={Evolutionary consequences of coevolving targets},
  author={Pagie, Ludo and Hogeweg, Paulien},
  journal={Evolutionary computation},
  volume={5},
  number={4},
  pages={401--418},
  year={1997},
  publisher={MIT Press}
}

@misc{Bache+Lichman:2013,
  title={UCI machine learning repository},
  author={Bache, Kevin and Lichman, Moshe},
  year={2013}
}

@incollection{ichitFitzgeraldR11,
  title={Validation sets for evolutionary curtailment with improved generalisation},
  author={Fitzgerald, Jeannie and Ryan, Conor},
  booktitle={Convergence and Hybrid Information Technology},
  pages={282--289},
  year={2011},
  publisher={Springer}
}

@incollection{doucette2008,
  title={GP classification under imbalanced data sets: active sub-sampling and AUC approximation},
  author={Doucette, John and Heywood, Malcolm I},
  booktitle={Genetic Programming},
  pages={266--277},
  year={2008},
  publisher={Springer}
}

@inproceedings{muhammad2014efficient,
  title={Efficient approaches to interleaved sampling of training data for symbolic regression},
  author={Muhammad Atif Azad, R and Medernach, David and Ryan, Colan},
  booktitle={Nature and Biologically Inspired Computing (NaBIC), 2014 Sixth World Congress on},
  pages={176--183},
  year={2014},
  organization={IEEE}
}

@incollection{poli2003simple,
  title={A simple but theoretically-motivated method to control bloat in genetic programming},
  author={Poli, Riccardo},
  booktitle={Genetic programming},
  pages={204--217},
  year={2003},
  publisher={Springer}
}


@article{vladislavleva2009order,
  title={Order of nonlinearity as a complexity measure for models generated by symbolic regression via pareto genetic programming},
  author={Vladislavleva, Ekaterina J and Smits, Guido F and Den Hertog, Dick},
  journal={Evolutionary Computation, IEEE Transactions on},
  volume={13},
  number={2},
  pages={333--349},
  year={2009},
  publisher={IEEE}
}

@inproceedings{arnaldo2014multiple,
  title={Multiple regression genetic programming},
  author={Arnaldo, Ignacio and Krawiec, Krzysztof and O'Reilly, Una-May},
  booktitle={Proceedings of the 2014 conference on Genetic and evolutionary computation},
  pages={879--886},
  year={2014},
  organization={ACM}
}

@book{koza1992genetic,
  title={Genetic programming: on the programming of computers by means of natural selection},
  author={Koza, John R},
  volume={1},
  year={1992},
  publisher={MIT press}
}

@phdthesis{oren2002improving,
  title={Improving the effectiveness of information retrieval with genetic programming},
  author={Oren, Nir},
  year={2002}
}

@inproceedings{albert2002efficient,
  title={Efficient Discretization Scheduling In Multiple Dimensions.},
  author={Albert, Laura A and Goldberg, David E},
  booktitle={GECCO},
  pages={271--278},
  year={2002},
  organization={Citeseer}
}

@incollection{nguyen2012should,
  title={Where should we stop? an investigation on early stopping for GP learning},
  author={Nguyen, Thi Hien and Nguyen, Xuan Hoai and McKay, Bob and Nguyen, Quang Uy},
  booktitle={Simulated Evolution and Learning},
  pages={391--399},
  year={2012},
  publisher={Springer}
}

@incollection{gonccalves2012random,
  title={Random sampling technique for overfitting control in genetic programming},
  author={Gon{\c{c}}alves, Ivo and Silva, Sara and Melo, Joana B and Carreiras, Jo{\~a}o MB},
  booktitle={Genetic Programming},
  pages={218--229},
  year={2012},
  publisher={Springer}
}

@InProceedings{Fitzgerald:2013:GECCOcompa2,
  author =       "Jeannie Fitzgerald and R. Muhammad Atif Azad and Conor
                 Ryan",
  title =        "A bootstrapping approach to reduce over-fitting in
                 genetic programming",
  booktitle =    "GECCO '13 Companion: Proceeding of the fifteenth
                 annual conference companion on Genetic and evolutionary
                 computation conference companion",
  year =         "2013",
  isbn13 =       "978-1-4503-1964-5",
  keywords =     "genetic algorithms, genetic programming",
  pages =        "1113--1120",
  month =        "6-10 " # jul,
  organisation = "SIGEVO",
  address =      "Amsterdam, The Netherlands",
  doi =          "doi:10.1145/2464576.2482690",
  publisher =    "ACM",
  publisher_address = "New York, NY, USA",
  abstract =     "Historically, the quality of a solution in Genetic
                 Programming (GP) was often assessed based on its
                 performance on a given training sample. However, in
                 Machine Learning, we are more interested in achieving
                 reliable estimates of the quality of the evolving
                 individuals on unseen data. In this paper, we propose
                 to simulate the effect of unseen data during training
                 without actually using any additional data. We do this
                 by employing a technique called bootstrapping that
                 repeatedly re-samples with replacement from the
                 training data and helps estimate sensitivity of the
                 individual in question to small variations across these
                 re-sampled data sets. We minimise this sensitivity, as
                 measured by the Bootstrap Standard Error, together with
                 the training error, in an effort to evolve models that
                 generalise better to the unseen data.

                 We evaluate the proposed technique on four binary
                 classification problems and compare with a standard GP
                 approach. The results show that for the problems
                 undertaken, the proposed method not only generalises
                 significantly better than standard GP while the
                 training performance improves, but also demonstrates a
                 strong side effect of containing the tree sizes.",
  notes =        "Also known as \cite{2482690} Distributed at
                 GECCO-2013.",
}

@article{castelli2014c++,
  title={A C++ framework for geometric semantic genetic programming},
  author={Castelli, Mauro and Silva, Sara and Vanneschi, Leonardo},
  journal={Genetic Programming and Evolvable Machines},
  volume={16},
  number={1},
  pages={73--81},
  year={2014},
  publisher={Springer}
}

@incollection{keijzer2003improving,
  title={Improving symbolic regression with interval arithmetic and linear scaling},
  author={Keijzer, Maarten},
  booktitle={Genetic programming},
  pages={70--82},
  year={2003},
  publisher={Springer}
}

@article{gould1982exaptation,
  title={Exaptation-a missing term in the science of form},
  author={Gould, Stephen Jay and Vrba, Elisabeth S},
  journal={Paleobiology},
  pages={4--15},
  year={1982},
  publisher={JSTOR}
}

@book{levins1968evolution,
  title={Evolution in changing environments: some theoretical explorations},
  author={Levins, Richard},
  number={2},
  year={1968},
  publisher={Princeton University Press}
}

@article{lachmann1996inheritance,
  title={The inheritance of phenotypes: an adaptation to fluctuating environments},
  author={Lachmann, Michael and Jablonka, Eva},
  journal={Journal of theoretical biology},
  volume={181},
  number={1},
  pages={1--9},
  year={1996},
  publisher={Elsevier}
}

@article{koonin2002origin,
  title={Origin and evolution of eukaryotic apoptosis: the bacterial connection},
  author={Koonin, EV and Aravind, L},
  journal={Cell death and differentiation},
  volume={9},
  number={4},
  pages={394--404},
  year={2002}
}

@article{lipson2002origin,
  title={On the origin of modular variation},
  author={Lipson, Hod and Pollack, Jordan B and Suh, Nam P},
  journal={Evolution},
  volume={56},
  number={8},
  pages={1549--1556},
  year={2002},
  publisher={Wiley Online Library}
}

@inproceedings{yu2007program,
  title={Program evolvability under environmental variations and neutrality},
  author={Yu, Tina},
  booktitle={Proceedings of the 9th annual conference companion on Genetic and evolutionary computation},
  pages={2973--2978},
  year={2007},
  organization={ACM}
}


@article{floreano2000evolutionary,
  title={Evolutionary robots with on-line self-organization and behavioral fitness},
  author={Floreano, Dario and Urzelai, Joseba},
  journal={Neural Networks},
  volume={13},
  number={4},
  pages={431--443},
  year={2000},
  publisher={Elsevier}
}


@article{lipson2002origin,
  title={On the origin of modular variation},
  author={Lipson, Hod and Pollack, Jordan B and Suh, Nam P and Wainwright, P},
  journal={Evolution},
  volume={56},
  number={8},
  pages={1549--1556},
  year={2002},
  publisher={BioOne}
}

@article{shanahan2012evolutionary,
  title={Evolutionary progress: conceptual issues},
  author={Shanahan, Timothy},
  journal={eLS},
  year={2012},
  publisher={Wiley Online Library}
}


@inproceedings{medernach2015evolutionary,
  title={Evolutionary Progress in Heterogenous Cellular Automata (HetCA)},
  author={Medernach, David and Fitzgerald, Jeannie and Carrignon, Simon and Rya, Conor},
  booktitle={Proceedings of the European Conference on Artificial Life 2015 (ECAL 2015)},
  volume={13},
  pages={512--519}
}


@inproceedings{medernach2013long,
  title={Long-term evolutionary dynamics in heterogeneous cellular automata},
  author={Medernach, David and Kowaliw, Taras and Ryan, Conor and Doursat, Ren{\'e}},
  booktitle={Proceedings of the 15th annual conference on Genetic and evolutionary computation},
  pages={231--238},
  year={2013},
  organization={ACM}
}


@book{smith1997major,
  title={The major transitions in evolution},
  author={Smith, John Maynard and Szathmary, Eors},
  year={1997},
  publisher={Oxford University Press}
}